@book{agresti2012categorical,
  title={Categorical Data Analysis},
  author={Agresti, A.},
  isbn={9780470463635},
  lccn={2012009792},
  series={Wiley Series in Probability and Statistics},
  url={https://books.google.com.br/books?id=UOrr47-2oisC},
  year={2012},
  publisher={Wiley}
}

@book{siqueira2011,
  title={Estatística na Área da Saúde: Conceitos, Metodologia, Aplicações e Prática},
  author={Siqueira, A. L. and Tibúrcio, J. D.},
  isbn={9788578250379},
  year={2011},
  publisher={Coopmed}
}

@book{hosmer2004applied,
  title={Applied Logistic Regression},
  author={Hosmer, D.W. and Lemeshow, S.},
  isbn={9780471654025},
  lccn={00036843},
  series={Applied Logistic Regression},
  url={https://books.google.com.br/books?id=Po0RLQ7USIMC},
  year={2004},
  publisher={Wiley}
}


@book{soares2002,
  title={Introdução à Estatística Médica},
  author={Soares, J. F. and Siqueira, A. L.},
  isbn={8585002557},
  year={2002},
  publisher={Coopmed}
}


@book{vieira2021,
  title={Introdução à Bioestatística},
  author={Vieira, S.},
  isbn={9788595158566},
  year={2021},
  publisher={GEN Guanabara Koogan}
}


@article{pregibon81,
author = {Daryl Pregibon},
title = {{Logistic Regression Diagnostics}},
volume = {9},
journal = {The Annals of Statistics},
number = {4},
publisher = {Institute of Mathematical Statistics},
pages = {705 -- 724},
keywords = {generalized linear models, influence curves, iteratively reweighted least squares, leverage points, logistic regression, regression diagnostics, residual analysis},
year = {1981},
doi = {10.1214/aos/1176345513},
URL = {https://doi.org/10.1214/aos/1176345513}
}