@article{Gregg1977,
author="Gregg, N. McAlister",
editor="Persaud, T. V. N.",
title="Congenital Cataract Following German Measles in the Mother",
bookTitle="Problems of Birth Defects: From Hippocrates to Thalidomide and After",
year="1977",
publisher="Springer Netherlands",
address="Dordrecht",
pages="170--180",
abstract="In the first half of the year, 1941, an unusual number of cases of congenital cataract made their appearance in Sydney. Cases of similar type, which appeared during the same period, have since been reported from widely separated parts of Australia. Their frequency, unusual characteristics and wide distribution warranted closer investigation, and this report is an attempt to bring to notice some of the more important features of what might almost be regarded as a mild epidemic.",
isbn="978-94-011-6621-8",
doi="10.1007/978-94-011-6621-8_22",
url="https://doi.org/10.1007/978-94-011-6621-8_22"
}

@article{brandao-1987,
author = {Brandão, E.C., Soares, J.F. and Nascimento, E. and Lopes, E.B. and Teixeira, J.A.M. and Vieira, M.C.L.R. and Alvares, M.N. and Novaes, N.M.V. and Filho, S.C. and Moreira, W.B.},
year = {1987},
month = {06},
pages = {},
title = {Tratamento de Linfomas Não-Hodgkin Agressivos com CHOP-BLEO: Estudo retrospectivo},
volume = {33(2)},
journal = {Rev. Bras. Cancerol.},
}


@article {Sulheim44,
	author = {Sulheim, Steinar and Ekeland, Arne and Holme, Ingar and Bahr, Roald},
	title = {Helmet use and risk of head injuries in alpine skiers and snowboarders: changes after an interval of one decade},
	volume = {51},
	number = {1},
	pages = {44--50},
	year = {2017},
	doi = {10.1136/bjsports-2015-095798},
	publisher = {British Association of Sport and Excercise Medicine},
	abstract = {Background In a previous study, we concluded that a safety helmet can reduce the risk for head injury by 60\%. Other studies reported similar effects, resulting in a general recommendation to wear a helmet while skiing or snowboarding.Aim To determine the effect of the expected increased helmet wear on the risk of head injury one decade after the recommendation.Methods Ski patrols reported injury cases in major Norwegian alpine ski resorts. Injury type, helmet use and other risk factors were recorded. A multiple logistic regression analysis was used to assess the relation between individual risk factors and the risk of head injuries by comparing head injured skiers (cases) with skiers and snowboarders who reported other injuries (controls).Results Helmet use was associated with improved odds for head injuries (OR: 0.45, 95\% CI 0.34 to 0.60; p\&lt;0.001) in 2002; this effect was attenuated in 2010 (OR: 0.79, 95\% CI 0.63 to 0.98; p=0.02), and not significant in 2011 (OR: 0.80, 95\% CI 0.60 to 1.06; p=0.12). For potentially severe head injuries, the protective effect of using a helmet was better sustained over the observation period, from an OR of 0.44 (95\% CI 0.28 to 0.68, p\&lt;0.001) in 2002 to an OR of 0.74 (95\% CI 0.57 to 0.97, p=0.02) in 2010 and 0.67 (95\% CI 0.47 to 0.96; p=0.03) in 2011.Conclusions We observed an unexpected reduction in the protective effect of a skiing helmet. This may be due to new skiing trends in the alpine resorts.},
	issn = {0306-3674},
	URL = {https://bjsm.bmj.com/content/51/1/44},
	eprint = {https://bjsm.bmj.com/content/51/1/44.full.pdf},
	journal = {British Journal of Sports Medicine}
}


@article{BARKER19861077,
title = {INFANT MORTALITY, CHILDHOOD NUTRITION, AND ISCHAEMIC HEART DISEASE IN ENGLAND AND WALES},
journal = {The Lancet},
volume = {327},
number = {8489},
pages = {1077-1081},
year = {1986},
note = {Originally published as Volume 1, Issue 8489},
issn = {0140-6736},
doi = {https://doi.org/10.1016/S0140-6736(86)91340-1},
url = {https://www.sciencedirect.com/science/article/pii/S0140673686913401},
author = {D.J.P. Barker and C. Osmond},
abstract = {Although the rise in ischaemic heart disease in England and Wales has been associated with increasing prosperity, mortality rates are highest in the least affluent areas. On division of the country into two hundred and twelve local authority areas a strong geographical relation was found between ischaemic heart disease mortality rates in 1968-78 and infant mortality in 1921-25. Of the twenty-four other common causes of death only bronchitis, stomach cancer, and rheumatic heart disease were similarly related to infant mortality. These diseases are associated with poor living conditions and mortality from them is declining. Ischaemic heart disease is strongly correlated with both neonatal and postneonatal mortality. It is suggested that poor nutrition in early life increases susceptibility to the effects of an affluent diet.}
}



@article{glass1976,
author = {Glass, Gene},
year = {1976},
month = {11},
pages = {3-8},
title = {Primary, Secondary, and Meta-Analysis of Research},
volume = {5},
journal = {Educational Researcher},
doi = {10.3102/0013189X005010003}
}


@article{santana2021,
author = {Santana, Alanny and Dias, Janaina},
year = {2021},
month = {02},
pages = {81-94},
title = {Tremor Essencial e Aspectos Psicológicos: Considerações sobre Estudos Insuficientes Associados},
volume = {2},
journal = {Revista Psicologia e Saúde},
doi = {10.20435/pssa.vi.990}
}

@article{JUNIOR2007,
   title = {{Oclusão aterosclerótica da aorta abdominal com fluxo arterial para os membros inferiores mantido pela artéria mesentérica inferior: Relato de caso}},
   journal = {{Revista Paraense de Medicina}},
   author={Junior, Adenauer Marinho de Oliveira Góes AND Júnior, João Gualberto Diniz AND Iwasaki, Maria Lúcia and Petterle, Paulo Henrique AND Protta, Tatiana Rocha AND Terci, Weverton},
   ISSN = {0101-5907},
   language = {pt},
   URL = {http://scielo.iec.gov.br/scielo.php?script=sci_arttext&pid=S0101-59072007000400011&nrm=iso},
   volume = {21},
   year = {2007},
   month = {12},
   pages = {63 - 68},
   publisher = {scielo},
   }
   
@article{Rente2020, 
title={Coronavírus e o Coração | Um Relato de Caso sobre a Evolução da COVID-19 Associado à Evolução Cardiológica}, 
url={https://preprints.scielo.org/index.php/scielo/preprint/view/429}, 
journal={SciELO Preprints}, 
author={Rente, Arthur and Uezato Junior, Delcio and Uezato, Karina Margareth Kunyoshi}, 
year={2020}, 
month={maio} }


@article{Mota_Nascimento_de_Brito_Nascimento_Cruz_dos_Santos_Carneiro_Pires_2021, title={Hanseníase na infância: uma série de casos / Leprosy in childhood: a case series}, volume={7}, url={https://ojs.brazilianjournals.com.br/ojs/index.php/BRJD/article/view/25793}, DOI={10.34117/bjdv7n3-108}, abstractNote={&amp;lt;p&amp;gt;Objetivo: O presente estudo visa a relatar o caso de 10 crianças com diagnóstico de hanseníase em um serviço no norte do Brasil. Métodos: Este é um estudo do tipo série de casos, em acordo com as guidelines CARE. Foram incluídos 10 pacientes pediátricos (com idade abaixo ou igual a 15 anos), com o diagnóstico clínico e/ou histopatológico de hanseníase entre janeiro de 2016 a abril de 2020, no ambulatório de hanseníase em um Serviço de Dermatologia do norte do Pará. O diagnóstico foi feito baseado no quadro clínico, pesquisa de BAAR na linfa em 5 sítios e a avaliação clínica foi baseada na classificação de Madri. Relato dos casos: Em relação aos aspectos demográficos, foram relatados os casos de 10 crianças, sendo 7 do sexo masculino e 3 do sexo feminino. A idade variou entre 09 e 15 anos, com média de 11,7 anos.Dentre as formas clínicas encontradas, três pacientes possuíam a forma indeterminada, dois a forma tuberculóide, quatro pacientes com a forma dimorfa e um paciente com a apresentação virchowiana. No que diz respeito às reações hansênicas, cinco pacientes apresentaram a reação hansênica do tipo 1, que foi mais prevalente, e um paciente apresentou dois episódios de eritema nodoso hansênico, configurando a reação do tipo 2. Conclusão: Diante do exposto, o presente trabalho pode demonstrar a diversidade de apresentações da infecção pelo &amp;lt;em&amp;gt;Mycobacterium leprae&amp;lt;/em&amp;gt; na população pediátrica, bem como as distintas peculiaridades dessa condição, chamando atenção para o dano neurológico que pode ocorrer nesta faixa etária.&amp;lt;/p&amp;gt;}, number={3}, journal={Brazilian Journal of Development}, author={Mota, Alline Oliveira das Neves and Nascimento, Mayara Silva and de Brito, Juliana Bacellar Nunes and Nascimento, Carlos Victor da Silva and Cruz, Lorena de Britto Pereira and dos Santos, Maria Amélia Lopes and Carneiro, Francisca Regina Oliveira and Pires, Carla Andréa Avelar}, year={2021}, month={Mar.}, pages={22354–22365} }

@article{carvalho_valle_jacinto_mayoral_boas_2018,  title={Impact of hospitalization on the functional capacity of the elderly: A cohort study},  volume={21},  ISSN={1809-9823},  url={https://doi.org/10.1590/1981-22562018021.170143},  DOI={10.1590/1981-22562018021.170143},  number={2},  journal={Revista Brasileira de Geriatria e Gerontologia},  publisher={Universidade do Estado do Rio Janeiro},  author={Carvalho, Tatiane Cristina and Valle, Adriana Polachini do and Jacinto, Alessandro Ferrari and Mayoral, Vânia Ferreira de Sá and Boas, Paulo José Fortes Villas},  year={2018},  month={Mar},  pages={134–142} }

@article{souza_fernandes_2014,  title={Breastfeeding self-efficacy: a cohort
					study},  volume={27},  ISSN={0103-2100},  url={https://doi.org/10.1590/1982-0194201400076},  DOI={10.1590/1982-0194201400076},  number={5},  journal={Acta Paulista de Enfermagem},  publisher={Escola Paulista de Enfermagem, Universidade Federal de São Paulo},  author={Souza, Erdnaxela Fernandes do Carmo and Fernandes, Rosa Áurea Quintella},  year={2014},  month={Sep},  pages={465–470} }