@article{Malacarne19,
author = {Malacarne, Jocieli and Heirich, Alexsandro and Cunha, Eunice and Kolte, Ida and Santos, Reinaldo and Basta, Paulo},
year = {2019},
month = {04},
pages = {},
title = {Performance of diagnostic tests for pulmonary tuberculosis in indigenous populations in Brazil: the contribution of Rapid Molecular Testing},
volume = {45},
journal = {Jornal Brasileiro de Pneumologia},
doi = {10.1590/1806-3713/e20180185}
}

@article{Vecchio66,
author = {Thomas J. Vecchio },
title = {Predictive Value of a Single Diagnostic Test in Unselected Populations},
journal = {New England Journal of Medicine},
volume = {274},
number = {21},
pages = {1171-1173},
year = {1966},
doi = {10.1056/NEJM196605262742104},
URL = {https://www.nejm.org/doi/full/10.1056/NEJM196605262742104},
eprint = {https://www.nejm.org/doi/pdf/10.1056/NEJM196605262742104}
}

@Electronic{freire21,
  address      = {Rio de Janeiro},
  author       = {FREIRE, Sergio Miranda},
  organization = {Ed. do autor},
  title        = {Bioestatística básica},
  url          = {http://www.lampada.uerj.br/bioestatisticabasica},
  year         = {2021},
}

@Comment{jabref-meta: databaseType:bibtex;}
