@article{coles02,
author = {Coles, Chantal and Brennan, Noel and Shuley, Vicki and Woods, Jill and Hall, Melissa and Consultants, Brennan and Vehige, Joe and Simmons, Peter},
year = {2002},
month = {12},
pages = {138},
title = {THE INFLUENCE OF LENS CONDITIONING ON SIGNS AND SYMPTOMS WITH NEW HYDROGEL LENSES.},
volume = {79},
journal = {Optometry and Vision Science},
doi = {10.1097/00006324-200212001-00263}
}

@article{patel02,
author = {Patel, Sohil and Kolson, Dennis and Glosser, Guila and Matozzo, Isabel and Ge, Yulin and Babb, James and Mannon, Lois and Grossman, Robert},
year = {2002},
month = {04},
pages = {543-549},
title = {Correlation between Percentage of Brain Parenchymal Volume and Neurocognitive Performance in HIV-Infected Patients},
volume = {23},
journal = {AJNR. American journal of neuroradiology}
}


@phdthesis{rocha95,
author = {ROCHA, Fábio Lopes},
year = {1995},
title = {Eficácia e tolerabilidade da tianeptina no tratamento de episódios depressivos maiores : estudo multicêntrico, duplo-cego, controlado com placebo},
school = {Universidade Federal de Minas Gerais, Departamento de Medicina Preventiva e Social},
type = {Dissertação (mestrado)},
pages = {156}
}

@article{Montgomery79, 
title={A New Depression Scale Designed to be Sensitive to Change}, 
volume={134}, 
DOI={10.1192/bjp.134.4.382}, 
number={4}, 
journal={British Journal of Psychiatry}, 
author={Montgomery, Stuart A. and Åsberg, Marie}, 
year={1979}, 
pages={382–389}}



@article{Arcanjo07,
author = {Arcanjo, Ana and Lacerda, Marcus and Alecrim, Wilson and Alecrim, Maria},
year = {2007},
month = {02},
pages = {},
title = {Avaliação dos testes rápidos Optimal-IT® e ICT P.f./P.v.® para o diagnóstico da malária, na Atenção Básica de Saúde, no município de Manaus, Amazonas},
volume = {40},
journal = {Revista Da Sociedade Brasileira De Medicina Tropical - REV SOC BRAS MED TROP},
doi = {10.1590/S0037-86822007000100020}
}